@article{Dybvig:syntactic,
  author = {R. Kent Dybvig and Robert Hieb and Carl Bruggeman},
  title = {Syntactic abstraction in {Scheme}},
  journal = {{Lisp} and Symbolic Computation},
  volume = 5,
  number = 4,
  pages = {295--326},
  year = 1993,
  url = {http://www.cs.indiana.edu/~dyb/pubs/LaSC-5-4-pp295-326.pdf}
}

@phdthesis{Waddell:phd,
  author = {Oscar Waddell},
  title = {Extending the Scope of Syntactic Extension},
  school = {Indiana University},
  address = {Bloomington},
  year = {1999},
  month = {Aug},
  url = {http://www.cs.indiana.edu/~owaddell/papers/thesis.ps.gz}
}

@book{Dybvig:tspl3,
  author = {R. Kent Dybvig},
  title = {The {Scheme} Programming Language},
  publisher = {MIT Press},
  edition = {third},
  year = 2003,
  url = {http://www.scheme.com/tspl3/}
}

@manual{Dybvig:csug7,
  author = {R. Kent Dybvig},
  title = {{Chez Scheme} User's Guide: Version 7},
  organization = {Cadence Research Systems},
  year = 2005,
  url = {http://www.scheme.com/csug7/}
}

@misc{flatt:mzscheme,
  title = {{PLT} {MzScheme}: Language Manual, {No.} 301},
  author = {Matthew Flatt},
  year = {2006},
  url = {http://download.plt-scheme.org/doc/301/html/mzscheme/}
}

@Misc{vantonder:srfi72,
 author = {Andr\'e van~Tonder},
 title = {SRFI 72: Hygienic Macros},
 url = {http://srfi.schemers.org/srfi-72/srfi-72.html}
}

