@inproceedings{Waddell:modules,
author = {Oscar Waddell and R. Kent Dybvig},
title = {Extending the Scope of Syntactic Abstraction},
booktitle = {Conference Record of the Twenty Sixth Annual {ACM}
                    Symposium on Principles of Programming Languages},
month = jan,
year = 1999,
pages = {203--213},
texturl = "http://www.cs.indiana.edu/~dyb/pubs/popl99.pdf",
abstracturl = "http://www.cs.indiana.edu/~dyb/pubs/popl99-abstract.html",
biburl = "http://www.cs.indiana.edu/~dyb/pubs/popl99.bib",
annote = {Describes the Chez Scheme module system and its
interaction with the syntax-case expander.}}

@inproceedings{Flatt2002,
   author = "Matthew Flatt",
   title = "Composable and Compilable Macros: You Want it When?",
   booktitle = "International Conference on Functional Programming (ICFP'2002)",
   year = "2002",
   url = "http://www.cs.utah.edu/plt/publications/macromod.pdf"
}

@unpublished{Scheme48Modules,
   author = "Richard A. Kelsey and Jonathan A. Rees",
   title = "Modules (in 'The Incomplete Scheme48 Reference Manual for release 0.57')",
   year = "2001",
   url = "http://s48.org/0.57/manual/s48manual\_24.html"
}

@Misc{dybvig:srfi93,
  author = {R. Kent Dybvig},
  title = {{SRFI} 93: R6RS Syntax-Case Macros},
  url = {http://srfi.schemers.org/srfi-93/srfi-93.html}
}

